01REMESSA01COBRANCA       00000000000004174141FIDC MULTISETORIAL ASIA LP    237BRADESCO       060821        MX0001682                                                                                                                                                                                                                                                                                     000001
10000000000000000000000903395009602415944237     000000 00001 0002020009100792633000000000002N           0  01000476909 16082100000254100000000000012N290721000000000000084701608210000001525000000000000000000000000000000213555778000109BEST TUBOS COMERCIO DE FERRAGENS LTDA.  AV AV VALDEMAR CARLOS PEREIRA , 784 VILA            03533000009172117000127  FUNDO DE INVESTIMENTO EM DIREITOS CRED.MULT000002
2Titulo sujeito a protesto 5 dias corridos apos vencimento.                                                                                                                                                                                                                                                                                                                   0090339500960241091007926330000003
7AV BRIGADEIRO FARIA LIMA, 2277 - CONJ 202    01452000SAO PAULO           SP                                                                                                                                                                                                                                                                                                  0090339500960241091007926330000004
10000000000000000000000903395009602415944240     000000 00001 0002020009100792636500000000002N           0  01000476784 16082100000002444300000000012N290721000000000000000810000000000000000000000000000000000000000000000213280088000194DRIMM FER E INSUMOS LTDA                AV AV NOSSA SRA DO SABARA, 2937 VILA EMI            04447020009172117000127  FUNDO DE INVESTIMENTO EM DIREITOS CRED.MULT000005
2Titulo sujeito a protesto 5 dias corridos apos vencimento.                                                                                                                                                                                                                                                                                                                   0090339500960241091007926365000006
7AV BRIGADEIRO FARIA LIMA, 2277 - CONJ 202    01452000SAO PAULO           SP                                                                                                                                                                                                                                                                                                  0090339500960241091007926365000007
10000000000000000000000903395009602415944238     000000 00001 0002020009100792634900000000002N           0  01000476817 01092100000018885250000000012N290721000000000000006302508210000000654231000000000000000000000000000246120929000155COMERCIAL JIMENEZ LTDA                  ROD. ANT. LEITE DE OLIVEIRA 121 PAULAS M            18170000009172117000127  FUNDO DE INVESTIMENTO EM DIREITOS CRED.MULT000008
2Titulo sujeito a protesto 5 dias corridos apos vencimento.                                                                                                                                                                                                                                                                                                                   0090339500960241091007926349000009
7AV BRIGADEIRO FARIA LIMA, 2277 - CONJ 202    01452000SAO PAULO           SP                                                                                                                                                                                                                                                                                                  0090339500960241091007926349000010
10000000000000000000000903395009602415944239     000000 00001 0002020009100792635700000000002N           0  01000476916 01102100000002727640000000012N290721000000000000000910000000000000000000000000000000000000000000000219200872000121DEPOSITO HAVAI LTDA                     R R. URSULA PAULINO, 1752 BETANIA BELO H            30580002009172117000127  FUNDO DE INVESTIMENTO EM DIREITOS CRED.MULT000011
2Titulo sujeito a protesto 5 dias corridos apos vencimento.                                                                                                                                                                                                                                                                                                                   0090339500960241091007926357000012
7AV BRIGADEIRO FARIA LIMA, 2277 - CONJ 202    01452000SAO PAULO           SP                                                                                                                                                                                                                                                                                                  0090339500960241091007926357000013
9                                                                                                                                                                                                                                                                                                                                                                                                         000014
