01REMESSA01COBRANCA       00000000000004174141FIDC MULTISETORIAL ASIA LP    237BRADESCO       281021        MX0002577                                                                                                                                                                                                                                                                                     000001
10000000000000000000000903395009602416156123     000000 00001 0000000009100799729700000000002N           0  01345044    12112100000029976670000000001N231021000000000000119910000000000000000000000000000000000000000000000275315333014240ATACADAO S.A                            ROD ROD BR-116 958 TRES PORTOS SAPUCAIA             93212220003752385000131  CARTA GOIAS IND E COM DE PAPEIS SA         000002
10000000000000000000000903395009602416156129     000000 00001 0000000009100799735100000000002N           0  01267498    12112100000037845500000000001N261021000000000000151380000000000000000000000000000000000000000000000275315333022692ATACADAO S.A                            AV AVENIDA ARICANDUV VILA CALIFORNIA SAO            03490000003752385000131  CARTA GOIAS IND E COM DE PAPEIS SA         000029
10000000000000000000000903395009602416156125     000000 00001 0000000009100799731900000000002N           0  01267530    12112100000031751550000000001N261021000000000000127010000000000000000000000000000000000000000000000275315333004368ATACADAO S.A                            AV ANT. FAUSTINO DOS SANTOS 310 VILA MUN            06327290003752385000131  CARTA GOIAS IND E COM DE PAPEIS SA         000026
10000000000000000000000903395009602416156127     000000 00001 0000000009100799733500000000002N           0  01345045    12112100000033181890000000001N231021000000000000132730000000000000000000000000000000000000000000000275315333007545ATACADAO S.A                            ROD AV MORVAN DIAS FIGUEIREDO 6169 VILA             02170901003752385000131  CARTA GOIAS IND E COM DE PAPEIS SA         000005
10000000000000000000000903395009602416156124     000000 00001 0000000009100799730000000000002N           0  01267303    12112100000031634720000000001N251021000000000000126540000000000000000000000000000000000000000000000275315333010252ATACADAO S.A                            AV CARLOS A CHEBABE BR101 KM4, S/N PARQU            28073506003752385000131  CARTA GOIAS IND E COM DE PAPEIS SA         000035
10000000000000000000000903395009602416156136     000000 00001 0000000009100799742400000000002N           0  01267299    12112100000057329640000000001N251021000000000000229320000000000000000000000000000000000000000000000275315333012034ATACADAO S.A                            AV. MORVAN DIAS FIGUEIREDO 6169 VILA MAR            02170901003752385000131  CARTA GOIAS IND E COM DE PAPEIS SA         000044
10000000000000000000000903395009602416156131     000000 00001 0000000009100799737800000000002N           0  01267531    12112100000039981870000000001N261021000000000000159930000000000000000000000000000000000000000000000275315333013430ATACADAO S.A                            AV IMPERIO DO SOL NASCENTE, S/N, QD 6946            13033050003752385000131  CARTA GOIAS IND E COM DE PAPEIS SA         000008
10000000000000000000000903395009602416156134     000000 00001 0000000009100799740800000000002N           0  01267327    12112100000045505150000000001N251021000000000000182020000000000000000000000000000000000000000000000275315333016293ATACADAO S.A                            AV VICENTE CARVALHO, 730 55300 LJ A V CA            21210000003752385000131  CARTA GOIAS IND E COM DE PAPEIS SA         000023
10000000000000000000000903395009602416156130     000000 00001 0000000009100799736P00000000002N           0  01267541    12112100000037925820000000001N261021000000000000151700000000000000000000000000000000000000000000000275315333026256ATACADAO S.A                            R R. PELOPONESO 102 JARDIM SEMIRAMIS COT            06709360003752385000131  CARTA GOIAS IND E COM DE PAPEIS SA         000020
10000000000000000000000903395009602416156135     000000 00001 0000000009100799741600000000002N           0  01345207    12112100000047218050000000001N261021000000000000188870000000000000000000000000000000000000000000000275315333023230ATACADAO S.A                            ROD BR 153, S/N QD LOTE 0001 - GALPAO 1-            74990840003752385000131  CARTA GOIAS IND E COM DE PAPEIS SA         000011
10000000000000000000000903395009602416156128     000000 00001 0000000009100799734300000000002N           0  01267337    12112100000034344730000000001N251021000000000000137380000000000000000000000000000000000000000000000275315333026922ATACADAO S.A                            AVENIDA MARGINAL DIR JARDIM SANTA CRUZ (            04182001003752385000131  CARTA GOIAS IND E COM DE PAPEIS SA         000038
10000000000000000000000903395009602416156132     000000 00001 0000000009100799738600000000002N           0  01345224    12112100000041259030000000001N261021000000000000165040000000000000000000000000000000000000000000000275315333023664ATACADAO S.A                            AV AVENIDA ANTONIO J JOCKEY CLUB BARRETO            14787284003752385000131  CARTA GOIAS IND E COM DE PAPEIS SA         000041
10000000000000000000000903395009602416156122     000000 00001 0000000009100799728900000000002N           0  01267594    12112100000019414790000000001N261021000000000000077660000000000000000000000000000000000000000000000275315333013359ATACADAO S.A                            R R DO MANIFESTO, 93 IPIRANGA SAO PAULO             04209000003752385000131  CARTA GOIAS IND E COM DE PAPEIS SA         000014
10000000000000000000000903395009602416156126     000000 00001 0000000009100799732700000000002N           0  01267526    12112100000033096620000000001N261021000000000000132390000000000000000000000000000000000000000000000275315333008606ATACADAO S.A                            AV PIRAPORINHA 837 PLANALTO SAO BERNARDO            09891001003752385000131  CARTA GOIAS IND E COM DE PAPEIS SA         000017
10000000000000000000000903395009602416156133     000000 00001 0000000009100799739400000000002N           0  01345126    12112100000041511690000000001N251021000000000000166050000000000000000000000000000000000000000000000275315333023230ATACADAO S.A                            ROD BR 153, S/N QD LOTE 0001 - GALPAO 1-            74990840003752385000131  CARTA GOIAS IND E COM DE PAPEIS SA         000032
9                                                                                                                                                                                                                                                                                                                                                                                                         000047
