02RETORNO01COBRANCA       00000000000000000000                              237BRADESCO       0308210000000000358                                                                                                                                                                                                                                                                          030821         000001
1020790578600013500000000000000000000                         00000000041001514795          000000000000 0090602082149439/D   00000000041001514795020821000000010982323700000  000000000000000000000000000000000000000000000000000000000000000000000000000000000000010982300000000000000000000000000   030821                 0000000000                                                                  000002
1020790578600013500000000000000000000                         00000000041001394110          000000000000 0090602082148030/E   00000000041001394110010821000000047691023700000  000000000000000000000000000000000000000000000000000000000000000000000000000000000000047691000000000000000000000000000   030821                 0000000000                                                                  000003
1020790578600013500000000000000000000                         00000000041001515155          000000000000 0090602082149433/D   00000000041001515155020821000000007265723700000  000000000000000000000000000000000000000000000000000000000000000000000000000000000000007265700000000000000000000000000   030821                 0000000000                                                                  000004
1020790578600013500000000000000000000                         00000000041001394196          000000000000 0090602082148028/G   00000000041001394196010821000000008372823700000  000000000000000000000000000000000000000000000000000000000000000000000000000000000000008372800000000000000000000000000   030821                 0000000000                                                                  000005
1020790578600013500000000000000000000                         0000000004100144052P          000000000000 0090602082148690/E   0000000004100144052P020821000000009714323700000  000000000000000000000000000000000000000000000000000000000000000000000000000000000000009714300000000000000000000000000   030821                 0000000000                                                                  000006
1020790578600013500000000000000000000                         0000000004100151521P          000000000000 0090602082149438/C   0000000004100151521P020821000000003020023700000  000000000000000000000000000000000000000000000000000000000000000000000000000000000000003020000000000000000000000000000   030821                 0000000000                                                                  000007
9201237          000000000000000000000000000358          00000000000000000000000870461000060000008704610000000000000000000000000000000000000000000000000000000000000000000000000000000000000                                                                                                                                                                              00000000000000000000000         000008
